<record><leader>01486cam a2200397 i 4500</leader><controlfield tag="001">6815341</controlfield><controlfield tag="003">OCoLC</controlfield><controlfield tag="005">20150219081431.0</controlfield><controlfield tag="008">140714t20152015mdu      b    000 0 eng d</controlfield><datafield ind1=" " ind2=" " tag="010"><subfield code="a">  2014943349</subfield></datafield><datafield ind1=" " ind2=" " tag="020"><subfield code="a">0761864326</subfield><subfield code="q">paperback</subfield></datafield><datafield ind1=" " ind2=" " tag="020"><subfield code="a">9780761864325</subfield><subfield code="q">paperback</subfield></datafield><datafield ind1=" " ind2=" " tag="020"><subfield code="z">9780761864332</subfield><subfield code="q">ebook</subfield></datafield><datafield ind1=" " ind2=" " tag="035"><subfield code="a">ocn883647177</subfield></datafield><datafield ind1=" " ind2=" " tag="040"><subfield code="a">YDXCP</subfield><subfield code="b">eng</subfield><subfield code="e">rda</subfield><subfield code="c">YDXCP</subfield><subfield code="d">BTCTA</subfield><subfield code="d">BDX</subfield><subfield code="d">OCLCQ</subfield><subfield code="d">GZN</subfield><subfield code="d">UAB</subfield><subfield code="d">AEU</subfield></datafield><datafield ind1=" " ind2=" " tag="043"><subfield code="a">n-us---</subfield></datafield><datafield ind1=" " ind2="4" tag="050"><subfield code="a">JC599.U5</subfield><subfield code="b">H54 2015</subfield></datafield><datafield ind1="0" ind2="4" tag="082"><subfield code="a">323.0973</subfield><subfield code="2">23</subfield></datafield><datafield ind1=" " ind2=" " tag="090"><subfield code="a">JC 599 U5 H54 2015</subfield><subfield code="b">AEU</subfield></datafield><datafield ind1="1" ind2=" " tag="100"><subfield code="a">Holloway, Vanessa A.,</subfield><subfield code="e">author.</subfield></datafield><datafield ind1="1" ind2="0" tag="245"><subfield code="a">Getting away with murder :</subfield><subfield code="b">the twentieth-century struggle for civil rights in the U.S. Senate /</subfield><subfield code="c">Vanessa A. Holloway.</subfield></datafield><datafield ind1="3" ind2="0" tag="246"><subfield code="a">20th-century struggle for civil rights in the United States Senate</subfield></datafield><datafield ind1=" " ind2="1" tag="264"><subfield code="a">Lanham, Maryland :</subfield><subfield code="b">University Press of America, Inc.,</subfield><subfield code="c">[2015]</subfield></datafield><datafield ind1=" " ind2="4" tag="264"><subfield code="c">&#169;2015</subfield></datafield><datafield ind1=" " ind2=" " tag="300"><subfield code="a">ix, 111 pages ;</subfield><subfield code="c">23 cm</subfield></datafield><datafield ind1=" " ind2=" " tag="336"><subfield code="a">text</subfield><subfield code="b">txt</subfield><subfield code="2">rdacontent</subfield></datafield><datafield ind1=" " ind2=" " tag="337"><subfield code="a">unmediated</subfield><subfield code="b">n</subfield><subfield code="2">rdamedia</subfield></datafield><datafield ind1=" " ind2=" " tag="338"><subfield code="a">volume</subfield><subfield code="b">nc</subfield><subfield code="2">rdacarrier</subfield></datafield><datafield ind1=" " ind2=" " tag="504"><subfield code="a">Includes bibliographical references.</subfield></datafield><datafield ind1=" " ind2=" " tag="596"><subfield code="a">43</subfield></datafield><datafield ind1="1" ind2="0" tag="610"><subfield code="a">United States.</subfield><subfield code="b">Congress.</subfield><subfield code="b">Senate.</subfield></datafield><datafield ind1=" " ind2="0" tag="650"><subfield code="a">Civil rights</subfield><subfield code="z">United States</subfield><subfield code="x">History.</subfield></datafield><datafield ind1=" " ind2="0" tag="650"><subfield code="a">Legislators</subfield><subfield code="z">United States.</subfield></datafield><datafield ind1=" " ind2="0" tag="650"><subfield code="a">African Americans</subfield><subfield code="x">Civil rights</subfield><subfield code="x">History.</subfield></datafield><datafield ind1=" " ind2=" " tag="949"><subfield code="a">JC 599 U5 H54 2015</subfield><subfield code="h">UAHS-B</subfield><subfield code="i">0162035249455</subfield></datafield><datafield ind1=" " ind2=" " tag="926"><subfield code="a">JC 599 U5 H54 2015</subfield><subfield code="w">LC</subfield><subfield code="c">1</subfield><subfield code="i">0162035249455</subfield><subfield code="l">ON_SHELF</subfield><subfield code="m">UAHSS</subfield><subfield code="p">$150.00</subfield><subfield code="r">Y</subfield><subfield code="s">Y</subfield><subfield code="t">BOOK</subfield><subfield code="u">3/4/2015</subfield></datafield></record>